% How to cite webpage: https://tex.stackexchange.com/questions/3587/how-can-i-use-bibtex-to-cite-a-web-page
@online{TLC_data,
    author = "New York City Government",
    year = 2019,
    title = "NYC TLC Trip Record Data",
    url = "https://www.nyc.gov/site/tlc/about/tlc-trip-record-data.page",
    note = "Accessed: 2023-08-17" 
}

@online{external_data,
    author = "Visual Crossing",
    year = 2019,
    title = "Weather Data Services",
    url = "https://www.visualcrossing.com/weather/weather-data-services#",
    note = "Accessed: 2023-08-19"
}

@misc{TLC_data_dictionary,
  title = {Yellow Taxi Data Dictionary},
  url = {https://www.nyc.gov/assets/tlc/downloads/pdf/data_dictionary_trip_records_yellow.pdf},
  year = {2019} 
}

@misc{scikit-learn_randomforest,
  author = {Scikit-learn developers},
  title = {RandomForestRegressor},
  year = {2021},  % Assuming this is the most recent version. Update if necessary.
  howpublished = {\url{https://scikit-learn.org/stable/modules/generated/sklearn.ensemble.RandomForestRegressor.html}},
  note = {Accessed: 2023-08-20}  % Fill in the date you accessed the site.
}

@online{sectionio_intro_randomforest,
  author = {Onesmus Mbaabu},
  title = {Introduction to Random Forest in Machine Learning},
  year = {2021},  % Use the publication date if available.
  howpublished = {\url{https://www.section.io/engineering-education/introduction-to-random-forest-in-machine-learning/}},
  note = {Accessed: 2023-08-20}  % Fill in the date you accessed the site.
}
